@article{jin2021random,
	title={A random batch {E}wald method for particle systems with {C}oulomb interactions},
	author={Jin, Shi and Li, Lei and Xu, Zhenli and Zhao, Yue},
	journal={SIAM J. Sci. Comput.},
	volume={43},
	number={4},
	pages={B937--B960},
	year={2021},
	publisher={SIAM},
	doi={10.1137/20M1371385}
}

@article{mcgorty2010colloidal,
	title={Colloidal self-assembly at an interface},
	author={McGorty, Ryan and Fung, Jerome and Kaz, David and Manoharan, Vinothan N},
	journal={Mater. Today},
	volume={13},
	number={6},
	pages={34--42},
	year={2010},
	publisher={Elsevier},
	doi={10.1016/S1369-7021(10)70107-3}
}

@article{lotito2017approaches,
	title={Approaches to self-assembly of colloidal monolayers: {A} guide for nanotechnologists},
	author={Lotito, Valeria and Zambelli, Tomaso},
	journal={Adv. Colloid Interface Sci.},
	volume={246},
	pages={217--274},
	year={2017},
	publisher={Elsevier},
	doi={10.1016/j.cis.2017.04.003}
}


@article{yuan2021particle,
	title={Particle--{P}article {P}article--{M}esh algorithm for electrolytes between charged dielectric interfaces},
	author={Yuan, Jiaxing and Antila, Hanne S and Luijten, Erik},
	journal={J. Chem. Phys.},
	volume={154},
	number={9},
	pages={094115},
	year={2021},
	doi = {10.1063/5.0035944}
}

@article{mazars2005lekner,
	title={Lekner summations and {E}wald summations for quasi-two-dimensional systems},
	author={Mazars, Martial},
	journal={Mol. Phys.},
	volume={103},
	number={9},
	pages={1241--1260},
	year={2005},
	doi = {10.1080/00268970412331332934}
}

@article{lindbo2012fast,
	title={Fast and spectrally accurate {E}wald summation for 2-periodic electrostatic systems},
	author={Lindbo, Dag and Tornberg, Anna-Karin},
	journal={J. Chem. Phys.},
	volume={136},
	number={16},
	pages={164111},
	year={2012},
	doi = {10.1186/s40687-016-0092-7}
}

@article{maggs2002local,
	title={Local {S}imulation {A}lgorithms for {C}oulomb {I}nteractions},
	author={Maggs, AC and Rossetto, Vincent},
	journal={Phys. Rev. Lett.},
	volume={88},
	number={19},
	pages={196402},
	year={2002},
	doi = {10.1103/PhysRevLett.88.196402}
}

@article{fahrenberger2014computing,
	title={Computing the {C}oulomb interaction in inhomogeneous dielectric media via a local electrostatics lattice algorithm},
	author={Fahrenberger, Florian and Holm, Christian},
	journal={Phys. Rev. E},
	volume={90},
	number={6},
	pages={063304},
	year={2014},
    doi = {10.1103/PhysRevE.90.063304}
}

@article{jadhao2012simulation,
	title={Simulation of {C}harged {S}ystems in {H}eterogeneous {D}ielectric {M}edia via a {T}rue {E}nergy {F}unctional},
	author={Jadhao, Vikram and Solis, Francisco J and De La Cruz, Monica Olvera},
	journal={Phys. Rev. Lett.},
	volume={109},
	number={22},
	pages={223905},
	year={2012},
	doi = {10.1103/PhysRevLett.109.223905}
}

@article{zwanikken2013tunable,
	title={Tunable soft structure in charged fluids confined by dielectric interfaces},
	author={Zwanikken, Jos W and Olvera de La Cruz, Monica},
	journal={Proc. Natl. Acad. Sci. U.S.A.},
	volume={110},
	number={14},
	pages={5301--5308},
	year={2013},
	doi = {10.1073/pnas.1302406110}
}

@article{mazars2011long,
  title={Long ranged interactions in computer simulations and for quasi-2{D} systems},
  author={Mazars, Martial},
  journal={Phys. Rep.},
  volume={500},
  pages={43--116},
  year={2011},
  doi = {10.1016/j.physrep.2010.11.004}
}

@article{messina2004effect,
  title={Effect of image forces on polyelectrolyte adsorption at a charged surface},
  author={Messina, Ren{\'e}},
  journal={Phys. Rev. E},
  volume={70},
  number={5},
  pages={051802},
  year={2004},
  doi = {10.1103/PhysRevE.74.049906}
}

@article{yuan2020structure,
  title={Structure of polyelectrolyte brushes on polarizable substrates},
  author={Yuan, Jiaxing and Antila, Hanne S and Luijten, Erik},
  journal={Macromolecules},
  volume={53},
  number={8},
  pages={2983--2990},
  year={2020},
  doi = {10.1021/acs.macromol.9b02749}
}

@article{nishizawa1995metal,
  title={Metal {N}anotubule {M}embranes with {E}lectrochemically {S}witchable {I}on-{T}ransport {S}electivity},
  author={Nishizawa, Matsuhiko and Menon, Vinod P and Martin, Charles R},
  journal={Science},
  volume={268},
  number={5211},
  pages={700--702},
  year={1995},
  doi = {10.1126/science.268.5211.700}
}

@article{cervera2006ionic,
  title={Ionic conduction, rectification, and selectivity in single conical nanopores},
  author={Cervera, Javier and Schiedt, Birgitta and Neumann, Reinhard and others},
  journal={J. Chem. Phys.},
  volume={124},
  number={10},
  pages={104706},
  year={2006},
  doi = {10.1063/1.2179797}
}

@article{levin:PRL:2008,
  title={Collisionless relaxation in non-neutral plasmas},
  author={Levin, Yan and Pakter, Renato and Teles, Tarcisio N},
  journal={Phys. Rev. Lett.},
  volume={100},
  number={4},
  pages={040604},
  year={2008},
  publisher={APS},
  doi = {10.1103/PhysRevLett.100.040604}
}

@article{joyce2011quasistationary,
  title = {Quasistationary states in the self-gravitating sheet model},
  author = {Joyce, Michael and Worrakitpoonpon, Tirawut},
  journal = {Phys. Rev. E},
  volume = {84},
  issue = {1},
  pages = {011139},
  numpages = {15},
  year = {2011},
  month = {Jul},
  publisher = {American Physical Society},
  doi = {10.1103/PhysRevE.84.011139}
}

@article{pakter2018nonequilibrium,
  title = {Nonequilibrium {S}tatistical {M}echanics of {T}wo-{D}imensional {V}ortices},
  author = {Pakter, Renato and Levin, Yan},
  journal = {Phys. Rev. Lett.},
  volume = {121},
  issue = {2},
  pages = {020602},
  numpages = {5},
  year = {2018},
  month = {Jul},
  publisher = {American Physical Society},
  doi = {10.1103/PhysRevLett.121.020602}
}

@article{huckel1923theory,
  title={The theory of electrolytes: {I}. lowering of freezing point and related phenomena},
  author={H{\"u}ckel, E and Debye, P},
  journal={Phys. Z},
  volume={24},
  number={185-206},
  pages={1},
  year={1923}
}

@article{veselago1967electrodynamics,
  title={Electrodynamics of substances with simultaneously negative $\epsilon$ and $\nu$},
  author={Veselago, Viktor G},
  journal={Usp Fiziol Nauk},
  volume={92},
  number={7},
  pages={517--526},
  year={1967}
}

@article{smith2004metamaterials,
  title={Metamaterials and {N}egative {R}efractive {I}ndex},
  author={Smith, David R and Pendry, John B and Wiltshire, Mike CK},
  journal={Science},
  volume={305},
  number={5685},
  pages={788--792},
  year={2004},
  publisher={American Association for the Advancement of Science},
  doi = {10.1126/science.1096796}
}

@article{antila2018dielectric,
  title = {Dielectric {M}odulation of {I}on {T}ransport near {I}nterfaces},
  author = {Antila, Hanne S. and Luijten, Erik},
  journal = {Phys. Rev. Lett.},
  volume = {120},
  issue = {13},
  pages = {135501},
  numpages = {6},
  year = {2018},
  month = {Mar},
  publisher = {American Physical Society},
  doi = {10.1103/PhysRevLett.120.135501}
}

@article{wang2019dielectric,
  title = {Dielectric {M}odulation of {T}wo-{D}imensional {D}ipolar {M}aterials},
  author = {Wang, Ziwei and Luijten, Erik},
  journal = {Phys. Rev. Lett.},
  volume = {123},
  issue = {9},
  pages = {096101},
  numpages = {6},
  year = {2019},
  month = {Aug},
  publisher = {American Physical Society},
  doi = {10.1103/PhysRevLett.123.096101}
}

@article{arnold2002electrostatics,
  title={Electrostatics in periodic slab geometries. {I}},
  author={Arnold, Axel and de Joannis, Jason and Holm, Christian},
  journal={J. Chem. Phys.},
  volume={117},
  number={6},
  pages={2496--2502},
  year={2002},
  publisher={American Institute of Physics},
  doi = {10.1063/1.1491955}
}

@article{de2002electrostatics,
  title={Electrostatics in periodic slab geometries. {II}},
  author={de Joannis, Jason and Arnold, Axel and Holm, Christian},
  journal={J. Chem. Phys.},
  volume={117},
  number={6},
  pages={2503--2512},
  year={2002},
  publisher={American Institute of Physics},
  doi = {10.1063/1.1491954}
}

@article{tyagi2007icmmm2d,
  title={{ICMMM2D}: An accurate method to include planar dielectric interfaces via image charge summation},
  author={Tyagi, Sandeep and Arnold, Axel and Holm, Christian},
  journal={J. Chem. Phys.},
  volume={127},
  number={15},
  pages={154723},
  year={2007},
  doi = {10.1063/1.2790428}
}

@article{fernandez2010collection,
	title={Collection and {C}oncentration of {L}ight by {T}ouching {S}pheres: {A} {T}ransformation {O}ptics {A}pproach},
	author={Fern{\'a}ndez-Dom{\'\i}nguez, AI and Maier, SA and Pendry, JB},
	journal={Phys. Rev. Lett.},
	volume={105},
	number={26},
	pages={266807},
	year={2010},
	doi = {10.1103/PhysRevLett.105.266807}
}

@article{dos2017simulations,
  title={Simulations of {C}oulomb systems confined by polarizable surfaces using periodic {G}reen functions},
  author={Dos Santos, Alexandre P and Girotto, Matheus and Levin, Yan},
  journal={J. Chem. Phys.},
  volume={147},
  number={18},
  pages={184105},
  year={2017},
  publisher={AIP Publishing LLC},
  doi = {10.1063/1.4997420}
}

@article{yu2018plasmonic,
author = {Yu, Sanghyeon and Ammari, Habib},
title = {Plasmonic {I}nteraction between {N}anospheres},
journal = {SIAM Rev.},
volume = {60},
number = {2},
pages = {356-385},
year = {2018},
doi = {10.1137/17M1115319}
}

@article{liang2020harmonic,
  title={Harmonic surface mapping algorithm for molecular dynamics simulations of particle systems with planar dielectric interfaces},
  author={Liang, Jiuyang and Yuan, Jiaxing and Luijten, Erik and Xu, Zhenli},
  journal={J. Chem. Phys.},
  volume={152},
  number={13},
  pages={134109},
  year={2020},
  doi = {10.1063/5.0003293}
}

@article{maxian2021fast,
	title={A fast spectral method for electrostatics in doubly periodic slit channels},
	author={Maxian, Ondrej and Pel{\'a}ez, Ra{\'u}l P and Greengard, Leslie and Donev, Aleksandar},
	journal={J. Chem. Phys.},
	volume={154},
	number={20},
	pages={204107},
	year={2021},
	doi = {10.1063/5.0044677}
}

@article{mcmillan1945statistical,
	title={The {S}tatistical {T}hermodynamics of {M}ulticomponent {S}ystems},
	author={McMillan Jr, William G and Mayer, Joseph E},
	journal={J. Chem. Phys.},
	volume={13},
	number={7},
	pages={276--305},
	year={1945},
	publisher={American Institute of Physics},
    doi = {10.1063/1.1724036}
}

@article{urzhumov2012magnetic,
    title = {Magnetic levitation of metamaterial bodies enhanced with magnetostatic surface resonances},
    author = {Urzhumov, Yaroslav and Chen, Wenchen and Bingham, Chris and others},
    journal = {Phys. Rev. B},
    volume = {85},
    issue = {5},
    pages = {054430},
    numpages = {9},
    year = {2012},
    month = {Feb},
    publisher = {American Physical Society},
    doi = {10.1103/PhysRevB.85.054430}
}

@article{coffey2012magnetic,
    title = {Magnetic levitation from negative permeability materials},
    journal = {Phys. Lett. A},
    volume = {376},
    number = {42},
    pages = {2739-2742},
    year = {2012},
    issn = {0375-9601},
    doi = {https://doi.org/10.1016/j.physleta.2012.07.024},
    author = {Mark W. Coffey}
}

@article{bichoutskaia2010electrostatic,
	title={Electrostatic analysis of the interactions between charged particles of dielectric materials},
	author={Bichoutskaia, Elena and Boatwright, Adrian L and Khachatourian, Armik and Stace, Anthony J},
	journal={J. Chem. Phys.},
	volume={133},
	number={2},
	pages={024105},
	year={2010},
	publisher={American Institute of Physics},
    doi = {10.1063/1.3457157}
}

@article{lekner2012electrostatics,
	title={Electrostatics of two charged conducting spheres},
	author={Lekner, John},
	journal={Proc. R. Soc. A},
	volume={468},
	number={2145},
	pages={2829--2848},
	year={2012},
	publisher={The Royal Society Publishing},
    doi = {10.1098/rspa.2012.0133}
}

@article{xu2013electrostatic,
  title = {Electrostatic interaction in the presence of dielectric interfaces and polarization-induced like-charge attraction},
  author = {Xu, Zhenli},
  journal = {Phys. Rev. E},
  volume = {87},
  issue = {1},
  pages = {013307},
  numpages = {8},
  year = {2013},
  month = {Jan},
  publisher = {American Physical Society},
  doi = {10.1103/PhysRevE.87.013307},
}

@article{parry1975electrostatic,
	title={The electrostatic potential in the surface region of an ionic crystal},
	author={Parry, DE},
	journal={Surf. Sci.},
	volume={49},
	number={2},
	pages={433--440},
	year={1975},
	publisher={Elsevier},
    doi = {10.1016/0039-6028(75)90362-3}
}

@article{heyes1977molecular,
	title={Molecular dynamics computer simulation of surface properties of crystalline potassium chloride},
	author={Heyes, DM and Barber, M and Clarke, JHR},
	journal={J. Chem. Soc., Faraday Trans. 2},
	volume={73},
	number={7},
	pages={1485--1496},
	year={1977},
	publisher={Royal Society of Chemistry},
    doi = {10.1039/F29777301485}
}

@article{de1979electrostatic,
	title={Electrostatic lattice sums for semi-infinite lattices},
	author={De Leeuw, Simon W and Perram, John W},
	journal={Mol. Phys.},
	volume={37},
	number={4},
	pages={1313--1322},
	year={1979},
	publisher={Taylor \& Francis},
    doi = {10.1080/00268977900100951}
}

@article{trefethen2022exactness,
author = {Trefethen, Lloyd N.},
title = {Exactness of {Q}uadrature {F}ormulas},
journal = {SIAM Rev.},
volume = {64},
number = {1},
pages = {132-150},
year = {2022},
doi = {10.1137/20M1389522}
}

@article{yeh1999ewald,
	title={Ewald summation for systems with slab geometry},
	author={Yeh, In-Chul and Berkowitz, Max L},
	journal={J. Chem. Phys.},
	volume={111},
	number={7},
	pages={3155--3162},
	year={1999},
	publisher={American Institute of Physics},
    doi = {10.1063/1.479595}
}

@article{LAMMPS,
  author = {A. P. Thompson and H. M. Aktulga and R. Berger and others},
  title = {{LAMMPS} - a flexible simulation tool for particle-based materials modeling at the atomic, meso, and continuum scales},
  journal = {Comp. Phys. Comm.},
  volume =  {271},
  pages =   {108171},
  year =    {2022},
  doi = {10.1016/j.cpc.2021.108171}
} 

@article{onoda1985direct,
  title = {Direct observation of two-dimensional, dynamic clustering and ordering with colloids},
  author = {Onoda, George Y.},
  journal = {Phys. Rev. Lett.},
  volume = {55},
  issue = {2},
  pages = {226--229},
  numpages = {0},
  year = {1985},
  month = {Jul},
  publisher = {American Physical Society},
  doi = {10.1103/PhysRevLett.55.226}
}

@article{pieranski1980two,
  title = {Two-{D}imensional {I}nterfacial {C}olloidal {C}rystals},
  author = {Pieranski, Pawel},
  journal = {Phys. Rev. Lett.},
  volume = {45},
  issue = {7},
  pages = {569--572},
  numpages = {0},
  year = {1980},
  month = {Aug},
  publisher = {American Physical Society},
  doi = {10.1103/PhysRevLett.45.569}
}

@article{hurd1985diffusion,
  title = {Diffusion-{L}imited {A}ggregation in {T}wo {D}imensions},
  author = {Hurd, Alan J. and Schaefer, Dale W.},
  journal = {Phys. Rev. Lett.},
  volume = {54},
  issue = {10},
  pages = {1043--1046},
  numpages = {0},
  year = {1985},
  month = {Mar},
  publisher = {American Physical Society},
  doi = {10.1103/PhysRevLett.54.1043}
}

% bib for negative permittivity
@article{kana2016thermally,
  title={Thermally driven sign switch of static dielectric constant of {V}{O}${}_2$ thin film},
  author={Kana, JB Kana and Vignaud, G and Gibaud, A and Maaza, Malik},
  journal={Opt. Mater.},
  volume={54},
  pages={165--169},
  year={2016},
  publisher={Elsevier},
  doi = {https://doi.org/10.1016/j.optmat.2016.02.032}
}

@article{nazarov2015negative,
  title = {Negative static permittivity and violation of {K}ramers-{K}ronig relations in quasi-two-dimensional crystals},
  author = {Nazarov, V. U.},
  journal = {Phys. Rev. B},
  volume = {92},
  issue = {16},
  pages = {161402},
  numpages = {5},
  year = {2015},
  month = {Oct},
  publisher = {American Physical Society},
  doi = {10.1103/PhysRevB.92.161402}
}

@inproceedings{chu2005negative,
  title={A negative dielectric constant in nano-particle materials under an electric field at very low frequencies},
  author={Chu, Ching-Wu and Chen, Feng and Shulman, Jason and Tsui, S and Xue, YY and Wen, Weijia and Sheng, Ping},
  booktitle={Strongly Correlated Electron Materials: Physics and Nanoengineering},
  volume={5932},
  pages={139--148},
  year={2005},
  organization={SPIE}
}

@article{shulman2007plasmalike,
  title={Plasmalike negative capacitance in nanocolloids},
  author={Shulman, Jason and Tsui, S and Chen, F and Xue, YY and Chu, CW},
  journal={Appl. Phys. Lett.},
  volume={90},
  number={3},
  pages={032902},
  year={2007},
  publisher={American Institute of Physics},
  doi = {https://doi.org/10.1063/1.2431782}
}

@article{yan2013negative,
  title={Negative dielectric constant manifested by static electricity},
  author={Yan, Han and Zhao, Cindy and Wang, Kevin and Deng, Lucy and Ma, Matthew and Xu, Gu},
  journal={Appl. Phys. Lett.},
  volume={102},
  number={6},
  pages={062904},
  year={2013},
  publisher={American Institute of Physics},
  doi = {https://doi.org/10.1063/1.4792064}
}

% citation for SPWs

@article{zhang2020terahertz,
  title={Terahertz surface plasmonic waves: a review},
  author={Zhang, Xueqian and Xu, Quan and Xia, Lingbo and Li, Yanfeng and Gu, Jianqiang and Tian, Zhen and Ouyang, Chunmei and Han, Jiaguang and Zhang, Weili},
  journal={Adv. Photonics},
  volume={2},
  number={1},
  pages={014001},
  year={2020},
  publisher={SPIE},
  doi = {https://doi.org/10.1117/1.AP.2.1.014001}
}

@article{polo2011surface,
  title={Surface electromagnetic waves: a review},
  author={Polo Jr, John A and Lakhtakia, Akhlesh},
  journal={Laser Photonics Rev.},
  volume={5},
  number={2},
  pages={234--246},
  year={2011},
  publisher={Wiley Online Library},
  doi = {https://doi.org/10.1002/lpor.200900050}
}

@article{wu2003terahertz,
  title={Terahertz plasmonic high pass filter},
  author={Wu, Dongmin and Fang, Nicholas and Sun, Cheng and Zhang, Xiang and Padilla, Willie J and Basov, Dimitri N and Smith, David R and Schultz, Sheldon},
  journal={Appl. Phys. Lett.},
  volume={83},
  number={1},
  pages={201--203},
  year={2003},
  publisher={American Institute of Physics},
  doi = {https://doi.org/10.1063/1.1591083}
}

@article{tao2008metamaterial,
  title={A metamaterial absorber for the terahertz regime: design, fabrication and characterization},
  author={Tao, Hu and Landy, Nathan I and Bingham, Christopher M and Zhang, Xin and Averitt, Richard D and Padilla, Willie J},
  journal={Opt. Express},
  volume={16},
  number={10},
  pages={7181--7188},
  year={2008},
  publisher={Optica Publishing Group},
  doi = {https://doi.org/10.1364/OE.16.007181}
}

@article{o2008thin,
  title={Thin-film sensing with planar terahertz metamaterials: sensitivity and limitations},
  author={O’Hara, John F and Singh, Ranjan and Brener, Igal and Smirnova, Evgenya and Han, Jiaguang and Taylor, Antoinette J and Zhang, Weili},
  journal={Opt. Express},
  volume={16},
  number={3},
  pages={1786--1795},
  year={2008},
  publisher={Optica Publishing Group},
  doi = {https://doi.org/10.1364/OE.16.001786}
}

@article{gao2022broken,
  title={Broken Symmetries in Quasi-2D Charged Systems via Dielectric Confinement},
  author={Gao, Xuanzhao and Gan, Zecheng},
  journal={arXiv preprint arXiv:2207.04687},
  year={2022}
}

%metamaterial low frequency
@article{xie2022recent,
  title={Recent advances in radio-frequency negative dielectric metamaterials by designing heterogeneous composites},
  author={Xie, Peitao and Shi, Zhicheng and Feng, Mei and Sun, Kai and Liu, Yao and Yan, Kelan and Liu, Chunzhao and Moussa, Tarek AA and Huang, Meina and Meng, Shuwei and others},
  journal={Advanced Composites and Hybrid Materials},
  volume={5},
  number={2},
  pages={679--695},
  year={2022},
  publisher={Springer},
  doi = {https://doi.org/10.1007/s42114-022-00479-2}
}

@article{cheng2017tunable,
  title={Tunable and weakly negative permittivity in carbon/silicon nitride composites with different carbonizing temperatures},
  author={Cheng, Chuanbing and Fan, Runhua and Wang, Zhongyang and Shao, Qian and Guo, Xingkui and Xie, Peitao and Yin, Yansheng and Zhang, Yuliang and An, Liqiong and Lei, Yanhua and others},
  journal={Carbon},
  volume={125},
  pages={103--112},
  year={2017},
  publisher={Elsevier},
  doi = {https://doi.org/10.1016/j.carbon.2017.09.037}
}

@article{xu2020polyaniline,
  title={Polyaniline crystalline nanostructures dependent negative permittivity metamaterials},
  author={Xu, Xiaojiang and Fu, Qiangang and Gu, Hongbo and Guo, Ying and Zhou, Heng and Zhang, Jiaoxia and Pan, Duo and Wu, Shide and Dong, Mengyao and Guo, Zhanhu},
  journal={Polymer},
  volume={188},
  pages={122129},
  year={2020},
  publisher={Elsevier},
  doi = {https://doi.org/10.1016/j.polymer.2019.122129}
}


@article{willets2007localized,
  title={Localized surface plasmon resonance spectroscopy and sensing},
  author={Willets, Katherine A and Van Duyne, Richard P},
  journal={Annu. Rev. Phys. Chem.},
  volume={58},
  pages={267--297},
  year={2007},
  publisher={Annual Reviews},
  doi = {https://doi.org/10.1146/annurev.physchem.58.032806.104607}
}

@article{SI,
    title = {See {S}upplementary {I}nformation at [url] for detailed mathematical derivations, numerical quadrature scheme, its error analysis, and numerical validations, which includes refs.~\cite{dos2017simulations,liang2020harmonic,yuan2021particle,trefethen2022exactness}. Videos for the {MD} trajectories are also documented}
}

@article{Dolgov1918admissible,
  title = {On an admissible sign of the static dielectric function of matter},
  author = {Dolgov, O. V. and Kirzhnits, D. A. and Maksimov, E. G.},
  journal = {Rev. Mod. Phys.},
  volume = {53},
  issue = {1},
  pages = {81--93},
  numpages = {0},
  year = {1981},
  month = {Jan},
  publisher = {American Physical Society},
  doi = {10.1103/RevModPhys.53.81},
  url = {https://link.aps.org/doi/10.1103/RevModPhys.53.81}
}


@article{Kornyshev1998Frequency,
    author = {Bopp, Philippe A. and Kornyshev, Alexei A. and Sutmann, Godehard},
    title = {Frequency and wave-vector dependent dielectric function of water: {C}ollective modes and relaxation spectra},
    journal = {J. Chem. Phys.},
    volume = {109},
    number = {5},
    pages = {1939-1958},
    year = {1998},
    month = {08},
    issn = {0021-9606},
    doi = {10.1063/1.476884},
    url = {https://doi.org/10.1063/1.476884}
}

@article{Kornyshev1996Static,
  title = {Static {N}onlocal {D}ielectric {F}unction of {L}iquid {W}ater},
  author = {Bopp, Philippe A. and Kornyshev, Alexei A. and Sutmann, Godehard},
  journal = {Phys. Rev. Lett.},
  volume = {76},
  issue = {8},
  pages = {1280--1283},
  numpages = {0},
  year = {1996},
  month = {Feb},
  publisher = {American Physical Society},
  doi = {10.1103/PhysRevLett.76.1280},
  url = {https://link.aps.org/doi/10.1103/PhysRevLett.76.1280}
}

@article{Kornyshev2021Nonlocal,
  title = {Nonlocal {D}ielectric {R}esponse of {W}ater in {N}anoconfinement},
  author = {Monet, G. and Bresme, F. and Kornyshev, A. and Berthoumieux, H.},
  journal = {Phys. Rev. Lett.},
  volume = {126},
  issue = {21},
  pages = {216001},
  numpages = {7},
  year = {2021},
  month = {May},
  publisher = {American Physical Society},
  doi = {10.1103/PhysRevLett.126.216001},
  url = {https://link.aps.org/doi/10.1103/PhysRevLett.126.216001}
}

@article{Guan2016Hybird,
  title = {Hybrid {M}onte {C}arlo and continuum modeling of electrolytes with concentration-induced dielectric variations},
  author = {Guan, Xiaofei and Ma, Manman and Gan, Zecheng and Xu, Zhenli and Li, Bo},
  journal = {Phys. Rev. E},
  volume = {94},
  issue = {5},
  pages = {053312},
  numpages = {13},
  year = {2016},
  month = {Nov},
  publisher = {American Physical Society},
  doi = {10.1103/PhysRevE.94.053312},
  url = {https://link.aps.org/doi/10.1103/PhysRevE.94.053312}
}

@article{Hasted2004Dielectric,
    author = {Hasted, J. B. and Ritson, D. M. and Collie, C. H.},
    title = "{Dielectric {P}roperties of {A}queous {I}onic {S}olutions. {P}arts {I} and {II}}",
    journal = {J. Chem. Phys.},
    volume = {16},
    number = {1},
    pages = {1-21},
    year = {2004},
    month = {12},
    issn = {0021-9606},
    doi = {10.1063/1.1746645},
    url = {https://doi.org/10.1063/1.1746645}
}

@article{Lyashchenko1998Complex,
title = {Complex dielectric permittivity and relaxation parameters of concentrated aqueous electrolyte solutions in millimeter and centimeter wavelength ranges},
journal = {J. Mol. Liq.},
volume = {77},
number = {1},
pages = {61-75},
year = {1998},
issn = {0167-7322},
doi = {https://doi.org/10.1016/S0167-7322(98)00068-3},
author = {A.K. Lyashchenko and A.Yu. Zasetsky}
}

@article{Booth1955Dielectric,
    author = {Booth, F.},
    title = "{Dielectric {C}onstant of {P}olar {L}iquids at {H}igh {F}ield {S}trengths}",
    journal = {J. Chem. Phys.},
    volume = {23},
    number = {3},
    pages = {453-457},
    year = {1955},
    month = {12},
    issn = {0021-9606},
    doi = {10.1063/1.1742009},
    url = {https://doi.org/10.1063/1.1742009}
}

@article{Booth1951Dielectric,
    author = {Booth, F.},
    title = "{The {D}ielectric {C}onstant of {W}ater and the {S}aturation {E}ffect}",
    journal = {J. Chem. Phys.},
    volume = {19},
    number = {4},
    pages = {391-394},
    year = {1951},
    month = {12},
    issn = {0021-9606},
    doi = {10.1063/1.1748233}
}

@article{Schlaich2016Water,
  title = {Water {D}ielectric {E}ffects in {P}lanar {C}onfinement},
  author = {Schlaich, Alexander and Knapp, Ernst W. and Netz, Roland R.},
  journal = {Phys. Rev. Lett.},
  volume = {117},
  issue = {4},
  pages = {048001},
  numpages = {5},
  year = {2016},
  month = {Jul},
  publisher = {American Physical Society},
  doi = {10.1103/PhysRevLett.117.048001}
}